
@article{deng-charm,
Author = {Wei-Jun Deng and Hui Liu and Long-Cheng Gui and Xian-Hui Zhong},
Title = {Charmonium spectrum and their electromagnetic transitions with higher multipole contributions},
Year = {2016},
Eprint = {arXiv:1608.00287},
Howpublished = {Phys. Rev. D 95, 034026 (2017)},
Doi = {10.1103/PhysRevD.95.034026},
}
@article{radshrod-sol,
    Author = {Cai Chong-Hai and Li Lei},
    Title = {Radial equation of bound state and binding energies of $\Xi^{-}$ hypernuclei},
    Year = {2003},
    Volume = {27},
    Number = {11},
    Journal = {High Energy Physics and Nuclear Physics},
}
@article{shrod-cutoff,
  doi = {10.1016/0010-4655(85)90005-0},
  url = {https://doi.org/10.1016/0010-4655(85)90005-0},
  year  = {1985},
  month = {jan},
  publisher = {Elsevier {BV}},
  volume = {34},
  number = {3},
  pages = {287--293},
  author = {P. Falkensteiner and H. Grosse and F. Sch\"{o}berl and P. Hertel},
  title = {Solving the Schr\"{o}dinger equation for bound states},
  journal = {Computer Physics Communications}
}
@book{weissbluth,
   title =     {Atoms and molecules},
   author =    {M. Weissbluth},
   publisher = {Academic Press},
   isbn =      {0127444505,9780127444505},
   year =      {1978},
   series =    {},
   edition =   {},
   volume =    {},
}
@article{gellmann-quarks,
    doi	= {10.1016/s0031-9163(64)92001-3},
    title	= {A schematic model of baryons and mesons},
    author	= {M. Gell-Mann},
    publisher	= {Elsevier Science},
    journal	= {Physics Letters},
    issnp	= {0031-9163},
    year	= {1964},
    volume	= {8},
    issue	= {3},
    page	= {214--215},
}
@article{zweig-quarks,
    author         = "Zweig, G.",
    title          = "{An SU(3) model for strong interaction symmetry and its
                    breaking. Version 1}",
    year           = "1964",
    reportNumber   = "CERN-TH-401",
}
@article{Xbabar,
    Author = { The BABAR Collaboration and B. Aubert},
    Title = {Search for B+ --> X(3872) K+, X(3872) --> J/psi gamma},
    Year = {2006},
    Eprint = {arXiv:hep-ex/0607050},
    Howpublished = {Phys.Rev.D74:071101,2006},
    Doi = {10.1103/PhysRevD.74.071101},
}
@article{Xbelle,
    Author = {K. Abe and for the Belle Collaboration},
    Title = {Evidence for X(3872)-->gamma J/psi and the sub-threshold decay X(3872)-->omega J/psi},
    Year = {2005},
    Eprint = {arXiv:hep-ex/0505037},
}
@article{Ybabar,
    Author = { The BABAR Collaboration and B. Aubert},
    Title = {Observation of Y(3940) -> J/psi omega in B -> J/psi omega K at BABAR},
    Year = {2007},
    Eprint = {arXiv:0711.2047},
    Howpublished = {Phys.Rev.Lett.101:082001,2008},
    Doi = {10.1103/PhysRevLett.101.082001},
}
@article{heavy-quark_pics,
    Author = {Stephen Lars Olsen and Tomasz Skwarnicki and Daria Zieminska},
    Title = {Non-Standard Heavy Mesons and Baryons, an Experimental Review},
    Year = {2017},
    Eprint = {arXiv:1708.04012},
    Howpublished = {Rev. Mod. Phys. 90, 15003 (2018)},
    Doi = {10.1103/RevModPhys.90.015003},
}
@article{gbs-model,
      author         = "Barnes, T. and Godfrey, S. and Swanson, E. S.",
      title          = "{Higher charmonia}",
      journal        = "Phys. Rev.",
      volume         = "D72",
      year           = "2005",
      pages          = "054026",
      doi            = "10.1103/PhysRevD.72.054026",
      eprint         = "hep-ph/0505002",
      archivePrefix  = "arXiv",
      primaryClass   = "hep-ph",
      SLACcitation   = "%%CITATION = HEP-PH/0505002;%%"
}
@unpublished{charm-slides,
    title= {probing of strong interactions and hadronic matter with charmonium-like studies},
    author = {Mikhail Barabanov, Alexander Vodopyanov, Stephen Olsen},
    year = {2017},
    URL= {http://www.ectstar.eu/files/talks/Bara_ECT_F%26M_2017.pdf},
}
